@misc{witsHearingStats, title={Hearing loss can be prevented}, url={https://www.wits.ac.za/news/latest-news/general-news/2016/2016-03/hearing-loss-can-be-prevented.html}, journal={University of the Witwatersrand}, author={University of the Witwatersrand}, year={2016}, month={Mar}}

@article{qualityOfLife, title={The impact of hearing loss on the quality of life of elderly adults}, volume={7}, url={https://www.ncbi.nlm.nih.gov/pmc/articles/PMC3393360/}, DOI={10.2147/CIA.S26059}, journal={ Clinical Interventions in Aging}, author={ Ciorba, Andrea and Bianchini, Chiara and Pelucchi, Stefano and Pastore, Antonio}, year={2012}, month={Jun}, pages={159–163}}

@misc{woodford, title={How do hearing aids work?}, url={https://www.explainthatstuff.com/hearingaids.html}, journal={Explain that Stuff}, author={Woodford, Chris}, year={2018}, month={Apr}}

@article{ricketts, title={Directional Hearing Aids}, volume={5}, number={4}, journal={Trends In Amplification}, author={Ricketts, Todd Andrew}, year={2001}, pages={139–176}}


@book{moore, place={Bingley}, edition={6}, title={An Introduction to the Psychology of Hearing }, publisher={Emerald Group Publishing Limited,}, author={Moore, Brian C. J.}, year={2012}}

@article{tillman, title={Interaction of competing speech signals with hearing losses}, volume={91}, number={3}, journal={Archives of Otolaryngology}, author={Tillman, TW and Carhart , R}, year={1970}, month={Mar}, pages={273–279}}

@misc{present,
author = {Jingdong Chen and Jacob Benesty},
title = {Design and Implementation of Small Microphone Arrays},
year = {2014}
}

@manual{broadEnd,
author = {InvenSense},
title = {Microphone Array Beamforming},
year = {2013}
}

@phdthesis{mccowan, title={Robust Speech Recognition using Microphone Arrays}, school={Queensland University of Technology}, author={McCowan, Iain}, year={2001}}

@misc{munir, title={Voice Fundamentals - Human Speech Frequency}, url={http://www.uoverip.com/voice-fundamentals-human-speech-frequency/}, journal={Unified Over IP}, publisher={UoverIP Consulting Inc.}, author={Munir, Behzad}, year={2012}, month={Mar}}

@misc{atlantic, title={Cochlear Implant vs. a Hearing Aid - What's the difference?}, url={https://www.atlantichearingcenters.com/blog/2018/feb02-cochlear-implants-vs-hearing-aids}, journal={Hearing Aids in Kensington, MD - Atlantic Hearing Centers}, publisher={Atlantic Hearing Centers}, author={Atlantic Hearing Centers}, year={2018}, month={Feb}}

@article{carroll, title={Fundamental frequency is critical to speech perception in noise in combined acoustic and electric hearing}, volume={130}, url={https://www.ncbi.nlm.nih.gov/pmc/articles/PMC3206909/}, DOI={10.1121/1.3631563}, number={4}, journal={The Journal of the Acoustic Society of America}, author={Carroll, Jeff and Tiaden, Stephanie and Zeng, Fan-Gang}, year={2011}, month={Oct}, pages={2054–2062}}

@misc{earinfo, title={Hearing Aid Resource for Consumers}, url={http://www.earinfo.com/faq/hearing-loss}, journal={How to Understand Your Hearing Test - Hearing Aid Resource for Consumers}, publisher={Earinfo.com}, author={Earinfo.com, Earinfo.com}, year={2018}}

@misc{hearIt, title={Sensorineural Hearing Loss (SNHL) - Causes and treatments}, url={https://www.hear-it.org/Sensorineural-hearing-loss}, journal={hear-it.org}, author={Hear-it.org}, year={2018}}

@misc{audiogram, title={Audiometry Test, Hearing Test}, url={https://www.mayfieldclinic.com/PE-Hearing.HTM}, journal={Posture & Body Mechanics}, publisher={Mayfield Brain & Spine}, year={2018}, month={Apr}}

@book{sebastian, place={Keral}, title={Digital Filter Bank for Hearing Aid Application Using FRM Technique}, journal={Digital Filter Bank for Hearing Aid Application Using FRM Technique}, institution={IEEE}, author={Sebastian, Arun and T. G., James}}

@inbook{diffMeth, place={Poznan}, title={2016 Signal Processing: Algorithms, Architectures, Arrangements, and Applications (SPA)}, publisher={IEEE}, author={Kakol, Krzysztof and Kostek, Bozena}, pages={219–224}}

@inbook{dhawan, title={International Conference on Electrical, Electronics, and Optimization Techniques (ICEEOT) - 2016}, booktitle={Digital Filtering In Hearing Aid System For The Hearing Impaired}, publisher={IEEE}, author={Dhawan, Ritwik and Mahalakshmi, P.}, pages={1494–1497}}

@misc{audioMaxFreq, title={The Audiogram}, url={https://www.asha.org/public/hearing/audiogram/}, journal={Averican Speech-Language-Hearing Association}, publisher={ASHA}}

@article{chang, title={10-ms 18-Band Quasi-ANSI S1.11 1/3-Octave Filter Bank for Digital Hearing Aids}, volume={60}, url={https://ieeexplore.ieee.org/document/6268303}, DOI={10.1109/TCSI.2012.2209731}, number={3}, journal={IEEE TRANSACTIONS ON CIRCUITS AND SYSTEMS}, author={Chang, Kuo-Chiang and Chuang, Ming-Hsun and Lin, Ching-Hao}, year={2012}, month={Aug}, pages={638–649}}

@misc{octave, title={Analyze signals octave by octave}, url={https://www.edn.com/electronics-news/4382916/Analyze-signals-octave-by-octave}, journal={EDN}, publisher={EDN Network}, author={Shearman, Sam}, year={2001}, month={Apr}}

@misc{mahmoud, title={Reading an audiogram}, url={https://www.slideshare.net/amirmah/reading-an-audiogram}, journal={LinkedIn SlideShare}, publisher={Health & Medicine}, author={Mahmoud, Amir}, year={2015}, month={Jun}}


@article{brennan, title={A FLEXIBLE FILTERBANK STRUCTURE FOR EXTENSIVE SIGNAL MANIPULATIONS IN IDIGITAL HEARING AIDS}, volume={6}, url={https://ieeexplore.ieee.org/document/705338}, DOI={0.1109/ISCAS.1998.705338}, journal={ISCAS '98. Proceedings of the 1998 IEEE International Symposium on Circuits and Systems }, author={Brennan, Robert and Schneider, Todd}, year={2002}, month={Aug}, pages={569–572}}

@article{subbulakshmi, title={A survey of filter bank algorithms for biomedical applications}, url={https://ieeexplore.ieee.org/document/6921778}, DOI={10.1109/ICCCI.2014.6921778}, journal={2014 International Conference on Computer Communication and Informatics}, author={Subbulakshmi, N and Manimegalai, R}, year={2014}, month={Oct}}

@article{chong, title={A 16-Channel Low-Power Nonuniform Spaced Filter Bank Core for Digital Hearing Aids}, volume={53}, DOI={10.1109/TCSII.2006.881821}, number={09}, journal={IEEE TRANSACTIONS ON CIRCUITS AND SYSTEMS—II: EXPRESS BRIEFS}, author={Chong, Kwen-Siong and Gwee, Bah-Hwee}, year={2009}, month={Sep}, pages={853–857}}

@misc{bark, title={The Bark Frequency Scale}, url={https://ccrma.stanford.edu/~jos/sasp/Bark_Frequency_Scale.html}, journal={The Bark Frequency Scale}, publisher={Stanford University CCRMA}, author={Smith III, Julius O}, year={2018}, month={Feb}}


@misc{octFreqCalc, title={Third-Octave Filter Banks}, url={https://ccrma.stanford.edu/realsimple/aud_fb/Third_Octave_Filter_Banks.html}, journal={Third-Octave Filter Banks}, publisher={Stanford University}, author={Cassidy, Ryan J and Smith III, Julius O}, year={2008}, month={Jun}}


@book{ansiDoc, title={American National Standard Specification for Octave-Band and Fractional-Octave-Band Analog and Digital Filters}, journal={American National Standard Specification for Octave-Band and Fractional-Octave-Band Analog and Digital Filters}, publisher={Acoustical Society of America (ASA)}, author={The Executive Director Office of the Federal Register and Accredited Standards Institute Committee S1, Acoustics}}

@article{ansiAtten, title={A Systematic ANSI S1.11 Filter Bank Specification Relaxation and Its Efficient Multirate Architecture for Hearing-Aid Systems}, volume={24}, url={https://ieeexplore.ieee.org/stamp/stamp.jsp?arnumber=7457341}, DOI={ 10.1109/TASLP.2016.2556422}, number={8}, journal={IEEE/ACM TRANSACTIONS ON AUDIO, SPEECH, AND LANGUAGE PROCESSING}, author={Yang, Cheng-Yen and Liu, Chih-Wei}, year={2016}, month={Aug}, pages={1380–1392}}

@article{yang, title={A Systematic ANSI S1.11 Filter Bank Specification Relaxation and Its Efficient Multirate Architecture for Hearing-Aid Systems}, volume={24}, url={https://0-ieeexplore-ieee-org.innopac.wits.ac.za/document/7457341}, DOI={10.1109/TASLP.2016.2556422}, number={8}, journal={IEEE/ACM TRANSACTIONS ON AUDIO, SPEECH, AND LANGUAGE PROCESSING}, author={Yang, Cheng-Yen and Liu, Chih-Wei and Jou, Shyh-Jye}, year={2016}, month={Aug}, pages={1380–1392}}

@article{dsp, title={SigmaDSP Digital Audio Processor ADAU1463/ADAU1467}, url={https://www.analog.com/media/en/technical-documentation/data-sheets/ADAU1463-1467.pdf}, author={Analog Devices}, year={2018}}

@book{compressHand, place={Washington}, edition={4}, title={The Compression Handbook}, publisher={The Compression Handbook}, author={Starkey Hearing Technologies}, year={2017}}

@misc{dac, place={Dallas}, title={TLV320AIC3109-Q1 Automotive, Low-Power, 96-kHz, Mono Audio Codec}, publisher={Texas Instruments}, author={Texas Instruments}, year={2018}}

@misc{speaker, place={Springboro}, title={CE20M-16}, publisher={Dayton Audio}, author={Dayton Audio}, year={2014}, month={Feb}}

@misc{compCalc, title={Compressor}, url={https://www.mathworks.com/help/audio/ref/compressor.html}, journal={Dynamic range compressor - Simulink}, publisher={MathWorks}, author={MathWorks}, year={2018}}